
@article{nature_deep_learning,
	abstract = {Although artificial intelligence (AI) was already ubiquitous, the recent arrival of generative AI has ushered in a new era of possibilities as well as risks. This Focus explores the wide-ranging impacts of AI tools on science and society, examining both their potential and their pitfalls.},
        author = {Nature},
	date = {2023-11-01},
	date-added = {2025-05-06 20:20:12 +0530},
	date-modified = {2025-05-06 20:20:12 +0530},
	doi = {10.1038/s41562-023-01775-7},
	id = {ref1},
	isbn = {2397-3374},
	journal = {Nature Human Behaviour},
	number = {11},
	pages = {1799--1799},
	title = {Living in a brave new AI era},
	url = {https://doi.org/10.1038/s41562-023-01775-7},
	volume = {7},
	year = {2023},
	bdsk-url-1 = {https://doi.org/10.1038/s41562-023-01775-7}}

@misc{ai_usage_stats,
    title = {Artificial Intelligence Usage Statistics and Facts},
    author = {Kseniia Burmagina},
    date = {2025-04},
    url = {https://elfsight.com/blog/ai-usage-statistics/},
    urldate = {2025-06-01}

}

@article{ai_bio,
    author = {Adam Zewe},
    title = {AI models are powerful, but are they biologically plausible?},
    journal = {MIT News},
    date = {2023-08-15},
    url = {https://news.mit.edu/2023/ai-models-astrocytes-role-brain-0815},
    urldate = {2025-06-01}
}

@misc{nn_book,
    author = {Michael Nielsen},
    title = {Neural Networks and Deep Learning},
    date = {2019-12},
    url = {http://neuralnetworksanddeeplearning.com/},
    urldate = {2025-06-01}

}

@misc{3blue1brown_nn,
    title = {But what is a neural network? | Deep learning chapter 1},
    author = {3Blue1Brown},
    date = {2017-10-05},
    url = {https://www.youtube.com/watch?v=aircAruvnKk},
    urldate = {2025-05-06}
}

@misc{uat,
  author = {Ahmet Yasin Ã‡akmak},
  title   = {Universal Approximation Theorem},
  year   = {2022},
  url = {https://numerics.ovgu.de/teaching/psnn/2122/handout_ahmet.pdf},
  urldate  = {2025-06-01}
}


@misc{gradesc,
    author = {Rishi Zirpe},
    title = {Understanding of Gradient Descent: Intuition and Implementation},
    url = {https://blog.gopenai.com/understanding-of-gradient-descent-intuition-and-implementation-b1f98b3645ea},
    date = {2023-05-03},
    urldate = {2025-06-01}
}

@misc{eigenintuition,
    author = {Peter Barrett Bryan},
    title = {Eigen Intuitions: Understanding Eigenvectors and Eigenvalues},
    date = {2022-06-07},
    url = {https://towardsdatascience.com/eigen-intuitions-understanding-eigenvectors-and-eigenvalues-630e9ef1f719/},
    urldate = {2025-06-24}
}

@misc{wine_quality_186,
  author       = {Cortez, Paulo AND Cerdeira, A. AND Almeida AND F., Matos, T. AND Reis, J.},
  title        = {{Wine Quality}},
  year         = {2009},
  url         = {https://doi.org/10.24432/C56S3T}
}

@misc{mll,
author = {Marco Taboga},
year = {2025},
url = {https://www.statlect.com/fundamentals-of-statistics/logistic-model-maximum-likelihood},
title = {Logistic regression - Maximum Likelihood Estimation}
}